@book{stevemarschner2015,
    Author = {Steve Marschner},
    title = {Fundamentals of Computer Graphics},
    description = {Fundamentals of Computer Graphics (Book, 2015)},
    publisher = {A K Peters/CRC Press},
    interhash = {e883037de7a77b3a8c366df26e0cfc09},
    intrahash = {1fff36481e097d24c698f2f7e761b594},
    year = {2015},
    month = {dec},
    isbn = {9781482229394},
    url = {https://www.xarg.org/ref/a/1482229390/}
}

@misc{caulfield2019,
    title={What's the Difference Between Ray Tracing and Rasterization?},
    url={https://blogs.nvidia.com/blog/2018/03/19/whats-difference-between-ray-tracing-rasterization/},
    journal={The Official NVIDIA Blog},
    publisher={NVIDIA},
    author={Caulfield, Brian},
    year={2018},
    month={Mar}
}

@misc{educba2019,
    title={Ray Tracing Algorithm: Different Types And Uses of Ray Tracing Algorithm},
    url={https://www.educba.com/ray-tracing-algorithm/},
    journal={Software Development Basics},
    publisher={EDUCBA},
    year={2019},
    month={Dec}
}

@misc{kraus2011,
    title={Blinn Vectors},
    url={https://commons.wikimedia.org/w/index.php?curid=15534756},
    journal={Blinnâ€“Phong reflection model},
    publisher={Wikimedia Commons},
    author={Kraus, Martin},
    year={2011},
    month={Jun}
}

@misc{chaosShading, 
    title={Basic Ray Tracing},
    url={https://docs.chaosgroup.com/display/VRAY3MAYA/Basic Ray Tracing},
    journal={Basic Ray Tracing - V-Ray 3.6 for Maya},
    publisher={Chaos Software Ltd.}
}
